<?xml version="1.0" encoding="UTF-8"?><collection xmlns="http://www.loc.gov/MARC21/slim"><record><leader>00364nam--2200133-i-4500</leader><controlfield tag="001">000027382</controlfield><controlfield tag="002">20161230</controlfield><controlfield tag="005">20161230201036</controlfield><controlfield tag="008">060222s1000------------r-----000-0-eng-d</controlfield><datafield ind1=" " ind2=" " tag="080"><subfield code="a">543.422.4.535.34</subfield></datafield><datafield ind1=" " ind2=" " tag="100"><subfield code="a">Hershenson Herbert, M</subfield></datafield><datafield ind1=" " ind2=" " tag="245"><subfield code="a">Infrared absorption spectra.index for 1958-1962</subfield></datafield><datafield ind1=" " ind2=" " tag="260"><subfield code="a">New York, Academic Press, 1959. Xx + 153p</subfield></datafield><datafield ind1=" " ind2=" " tag="852"><subfield code="a">15059</subfield></datafield></record></collection>